<record><leader>02615pam a2200481 i 4500</leader><controlfield tag="001">6815552</controlfield><controlfield tag="003">OCoLC</controlfield><controlfield tag="005">20150217130609.0</controlfield><controlfield tag="008">141208t20152015mdua     b    001 0 eng  </controlfield><datafield ind1=" " ind2=" " tag="010"><subfield code="a">  2014036975</subfield></datafield><datafield ind1=" " ind2=" " tag="020"><subfield code="a">9780759123724 (cloth : alk. paper)</subfield></datafield><datafield ind1=" " ind2=" " tag="020"><subfield code="a">0759123721 (cloth : alk. paper)</subfield></datafield><datafield ind1=" " ind2=" " tag="020"><subfield code="a">9780759123731 (pbk. : alk. paper)</subfield></datafield><datafield ind1=" " ind2=" " tag="020"><subfield code="a">075912373X (pbk. : alk. paper)</subfield></datafield><datafield ind1=" " ind2=" " tag="020"><subfield code="z">9780759123748 (electronic)</subfield></datafield><datafield ind1=" " ind2=" " tag="035"><subfield code="a">ocn887858699</subfield></datafield><datafield ind1=" " ind2=" " tag="040"><subfield code="a">DLC</subfield><subfield code="b">eng</subfield><subfield code="e">rda</subfield><subfield code="c">DLC</subfield><subfield code="d">BTCTA</subfield><subfield code="d">BDX</subfield><subfield code="d">OCLCO</subfield><subfield code="d">YDXCP</subfield><subfield code="d">OR3</subfield><subfield code="d">CDX</subfield><subfield code="d">UAB</subfield><subfield code="d">AEU</subfield></datafield><datafield ind1=" " ind2=" " tag="042"><subfield code="a">pcc</subfield></datafield><datafield ind1=" " ind2=" " tag="043"><subfield code="a">n-us---</subfield></datafield><datafield ind1="0" ind2="0" tag="050"><subfield code="a">HQ76.2.U5</subfield><subfield code="b">F473 2015</subfield></datafield><datafield ind1="0" ind2="0" tag="082"><subfield code="a">306.76/620973</subfield><subfield code="2">23</subfield></datafield><datafield ind1=" " ind2=" " tag="090"><subfield code="a">HQ 76.2 U5 F473 2015</subfield><subfield code="b">AEU</subfield></datafield><datafield ind1="1" ind2=" " tag="100"><subfield code="a">Ferentinos, Susan,</subfield><subfield code="d">1969-</subfield><subfield code="e">author.</subfield></datafield><datafield ind1="1" ind2="0" tag="245"><subfield code="a">Interpreting LGBT history at museums and historic sites /</subfield><subfield code="c">by Susan Ferentinos.</subfield></datafield><datafield ind1=" " ind2="1" tag="264"><subfield code="a">Lanham :</subfield><subfield code="b">Rowman &amp; Littlefield,</subfield><subfield code="c">[2015]</subfield></datafield><datafield ind1=" " ind2="4" tag="264"><subfield code="c">&#169;2015</subfield></datafield><datafield ind1=" " ind2=" " tag="300"><subfield code="a">x, 208 pages :</subfield><subfield code="b">illustrations ;</subfield><subfield code="c">26 cm.</subfield></datafield><datafield ind1=" " ind2=" " tag="336"><subfield code="a">text</subfield><subfield code="2">rdacontent</subfield></datafield><datafield ind1=" " ind2=" " tag="337"><subfield code="a">unmediated</subfield><subfield code="2">rdamedia</subfield></datafield><datafield ind1=" " ind2=" " tag="338"><subfield code="a">volume</subfield><subfield code="2">rdacarrier</subfield></datafield><datafield ind1="1" ind2=" " tag="490"><subfield code="a">Interpreting history</subfield></datafield><datafield ind1=" " ind2=" " tag="504"><subfield code="a">Includes bibliographical references (pages 181-195) and index.</subfield></datafield><datafield ind1="0" ind2=" " tag="505"><subfield code="a">Introduction -- A pep talk for the faint of heart -- Approaching LGBT history -- "The abominable sin" : european contact to the late nineteenth century -- Creating communities : late nineteenth century to the mid-1960s -- We're here, we're queer, get used to it : mid-1960s to United States v. Windsor -- History coda : what a strange year it's been -- Trends in LGBT historical interpretation -- Case study-displaying queer history at the Chicago History Museum : lessons from the curators of Out in Chicago / Jill Austin and Jennifer Brier -- Case study-the varied telling of queer history at historic New England sites / Kenneth C. Turino -- Case study-interpreting for the next generation : the summer history immersion program (Minnesota) / Kyle Parsons and Stewart Van Cleve -- Issues to consider when interpreting LGBT history -- Conclusion: some suggestions.</subfield></datafield><datafield ind1=" " ind2=" " tag="596"><subfield code="a">43</subfield></datafield><datafield ind1=" " ind2="0" tag="650"><subfield code="a">Male homosexuality</subfield><subfield code="z">United States</subfield><subfield code="x">History.</subfield></datafield><datafield ind1=" " ind2="0" tag="650"><subfield code="a">Lesbianism</subfield><subfield code="z">United States</subfield><subfield code="x">History.</subfield></datafield><datafield ind1=" " ind2="0" tag="650"><subfield code="a">Gay men</subfield><subfield code="z">United States</subfield><subfield code="x">History.</subfield></datafield><datafield ind1=" " ind2="0" tag="650"><subfield code="a">Lesbians</subfield><subfield code="z">United States</subfield><subfield code="x">History.</subfield></datafield><datafield ind1=" " ind2="0" tag="650"><subfield code="a">Museums</subfield><subfield code="z">United States.</subfield></datafield><datafield ind1=" " ind2="0" tag="650"><subfield code="a">Historic sites</subfield><subfield code="z">United States.</subfield></datafield><datafield ind1=" " ind2="0" tag="830"><subfield code="a">Interpreting history.</subfield></datafield><datafield ind1=" " ind2=" " tag="949"><subfield code="a">HQ 76.2 U5 F473 2015</subfield><subfield code="h">UAHS-B</subfield><subfield code="i">0162035245727</subfield></datafield><datafield ind1=" " ind2=" " tag="926"><subfield code="a">HQ 76.2 U5 F473 2015</subfield><subfield code="w">LC</subfield><subfield code="c">1</subfield><subfield code="i">0162035245727</subfield><subfield code="d">4/28/2016</subfield><subfield code="e">11/26/2015</subfield><subfield code="l">ON_SHELF</subfield><subfield code="m">UAHSS</subfield><subfield code="n">3</subfield><subfield code="p">$150.00</subfield><subfield code="r">Y</subfield><subfield code="s">Y</subfield><subfield code="t">BOOK</subfield><subfield code="u">3/4/2015</subfield></datafield></record>